<?xml version="1.0" encoding="UTF-8"?><collection xmlns="http://www.loc.gov/MARC21/slim"><record><leader>00364nam--2200133-i-4500</leader><controlfield tag="001">000038942</controlfield><controlfield tag="002">20161230</controlfield><controlfield tag="005">20170122225017</controlfield><controlfield tag="008">060222s1000------------r-----000-0-eng-d</controlfield><datafield ind1=" " ind2=" " tag="245"><subfield code="a">Review of studies on beam neutralization in storage rings</subfield></datafield><datafield ind1=" " ind2=" " tag="260"><subfield code="a">Bern</subfield><subfield code="b">Aerni-Leuch</subfield><subfield code="c">1965</subfield></datafield><datafield ind1=" " ind2=" " tag="300"><subfield code="a">19 p.+ 4 Fig.+ 1 Diagram</subfield></datafield><datafield ind1=" " ind2=" " tag="852"><subfield code="a">23758</subfield></datafield><datafield ind1=" " ind2=" " tag="CAT"><subfield code="a">SYS</subfield><subfield code="c">20170122</subfield><subfield code="h">225017</subfield></datafield></record></collection>